<record xmlns="http://www.loc.gov/MARC21/slim" xmlns:xsi="http://www.w3.org/2001/XMLSchema-instance" xsi:schemaLocation="http://www.loc.gov/MARC21/slim http://www.loc.gov/standards/marcxml/schema/MARC21slim.xsd">

  <leader>00908nam a2200169Ia 4500</leader>
  <datafield tag="999" ind2=" " ind1=" ">
    <subfield code="c">1929</subfield>
    <subfield code="d">1929</subfield>
  </datafield>
  <controlfield tag="008">180607b2004    cr ||||| |||| 00| | spa d</controlfield>
  <datafield ind1=" " ind2=" " tag="090">
    <subfield code="a">06.04.08 </subfield>
    <subfield code="b">1018</subfield>
  </datafield>
  <datafield tag="100" ind2=" " ind1=" ">
    <subfield code="a">Cascante Salas, Warner</subfield>
    <subfield code="9">1430</subfield>
  </datafield>
  <datafield tag="245" ind2="0" ind1="1">
    <subfield code="a">Análisis histórico jurídico de las relaciones UCR-FUNDEVI en la Gestión de la Universidad de Costa Rica / </subfield>
    <subfield code="c">Warner Cascante Salas</subfield>
  </datafield>
  <datafield tag="260" ind2=" " ind1=" ">
    <subfield code="a">San José, Costa Rica : </subfield>
    <subfield code="b">INIE, </subfield>
    <subfield code="c">2004</subfield>
  </datafield>
  <datafield ind1=" " ind2=" " tag="300">
    <subfield code="a">88 páginas</subfield>
  </datafield>
  <datafield tag="500" ind2=" " ind1=" ">
    <subfield code="a">Incluye el informe parcial (2004) y final (2007) del proyecto de investigación N° 724-A4-119</subfield>
  </datafield>
  <datafield tag="520" ind2=" " ind1=" ">
    <subfield code="a">Esta investigación tuvo como objetivo principal elaborar un insumo de tipo legal, que fortalezca la gestión universitaria, al brindar seguridad jurídica y disminuir los riesgos en las relaciones entre la Universidad de Costa Rica y FUNDEVI.</subfield>
  </datafield>
  <datafield tag="610" ind2="0" ind1=" ">
    <subfield code="9">714</subfield>
    <subfield code="a">UNIVERSIDAD DE COSTA RICA</subfield>
  </datafield>
  <datafield tag="650" ind2="4" ind1="1">
    <subfield code="a">ADMINISTRACIÓN UNIVERSITARIA</subfield>
    <subfield code="9">3113</subfield>
  </datafield>
  <datafield ind1=" " ind2=" " tag="942">
    <subfield code="2">z</subfield>
    <subfield code="c">04</subfield>
  </datafield>
</record>